@inproceedings{gaskett1999q,
  title={Q-learning in continuous state and action spaces},
  author={Gaskett, Chris and Wettergreen, David and Zelinsky, Alexander},
  booktitle={Australasian Joint Conference on Artificial Intelligence},
  pages={417--428},
  year={1999},
  organization={Springer}
}

@article{gruenstein2016universal,
  title={A Universal Robot Control System using Reinforcement Learning with Limited Feedback},
  author={Gruenstein, Joshua and Truell, Michael},
  year={2016}
}